% Encoding: UTF-8

@Misc{SergioTemplateLatex2021,
  author       = {Martínez-Losa Del Rincón, Sergio},
  howpublished = {\url{https://github.com/sergiomtzlosa/latex-template-report-unizar}},
  title        = {{U}nofficial {L}a{T}e{X} template for reports/books/thesis with corporate logos of {U}niversidad de {Z}aragoza with a beautiful look and feel},
  year         = {2021},
  commit       = {ef0242edd8260c39179310fe1b3bc55c9f69d230},
  journal      = {GitHub repository},
  publisher    = {GitHub},
  keyword	   = {latex-template-gh},
}

@Comment{jabref-meta: databaseType:bibtex;}
